<collection xmlns="http://www.loc.gov/MARC21/slim">
<record>
  <leader>01304nam0a2200277 i 450 </leader>
  <controlfield tag="001">IT\ICCU\CNCE\042607</controlfield>
  <controlfield tag="005">20020206000000.0</controlfield>
  <datafield tag="012" ind1=" " ind2=" ">
    <subfield code="a">      </subfield>
    <subfield code="2">fei</subfield>
    <subfield code="9">INR</subfield>
  </datafield>
  <datafield tag="100" ind1=" " ind2=" ">
    <subfield code="a">19981215d1592        0itac0103    ba</subfield>
  </datafield>
  <datafield tag="101" ind1=" " ind2=" ">
    <subfield code="a">ARA</subfield>
  </datafield>
  <datafield tag="102" ind1=" " ind2=" ">
    <subfield code="a">IT</subfield>
  </datafield>
  <datafield tag="200" ind1="1" ind2=" ">
    <subfield code="a">De geographia vniuersali. Hortulus cultissimus, mire orbis regiones, prouincias, insulas, vrbes, earumque dimensiones &amp; orizonta describens</subfield>
  </datafield>
  <datafield tag="210" ind1=" " ind2=" ">
    <subfield code="a">Romae</subfield>
    <subfield code="c">in Typographia Medicea</subfield>
    <subfield code="d">1592</subfield>
  </datafield>
  <datafield tag="215" ind1=" " ind2=" ">
    <subfield code="a">\168! c.</subfield>
    <subfield code="d">4ʻ</subfield>
  </datafield>
  <datafield tag="300" ind1=" " ind2=" ">
    <subfield code="a">Precede titolo in arabo</subfield>
  </datafield>
  <datafield tag="620" ind1=" " ind2=" ">
    <subfield code="a">IT</subfield>
    <subfield code="d">Roma</subfield>
  </datafield>
  <datafield tag="700" ind1=" " ind2="0">
    <subfield code="a">℗al-℗Idrisi</subfield>
    <subfield code="3">IT\ICCU\CNCA\016489</subfield>
  </datafield>
  <datafield tag="712" ind1="0" ind2="2">
    <subfield code="a">Tipografia Medicea Orientale</subfield>
    <subfield code="3">IT\ICCU\CNCT\000507</subfield>
    <subfield code="4">650</subfield>
  </datafield>
  <datafield tag="790" ind1=" " ind2="1">
    <subfield code="a">Idrisi,</subfield>
    <subfield code="b">Abu Abd Allah Muhammad b. Abd Allah b.</subfield>
    <subfield code="3">IT\ICCU\CNCA\020063</subfield>
    <subfield code="z">℗al-℗Idrisi</subfield>
  </datafield>
  <datafield tag="790" ind1=" " ind2="1">
    <subfield code="a">Muhammad ibn Muhammad,</subfield>
    <subfield code="b">al-Idrisi</subfield>
    <subfield code="3">IT\ICCU\CNCA\020064</subfield>
    <subfield code="z">℗al-℗Idrisi</subfield>
  </datafield>
  <datafield tag="791" ind1="0" ind2="2">
    <subfield code="a">Typographia Linguarum Externarum</subfield>
    <subfield code="3">IT\ICCU\CNCT\002895</subfield>
    <subfield code="z">Tipografia Medicea Orientale</subfield>
  </datafield>
  <datafield tag="791" ind1="0" ind2="2">
    <subfield code="a">Typographia Medicea</subfield>
    <subfield code="3">IT\ICCU\CNCT\002896</subfield>
    <subfield code="z">Tipografia Medicea Orientale</subfield>
  </datafield>
  <datafield tag="801" ind1=" " ind2="3">
    <subfield code="a">IT</subfield>
    <subfield code="b">ICCU</subfield>
    <subfield code="c">20201114</subfield>
  </datafield>
  <datafield tag="899" ind1=" " ind2=" ">
    <subfield code="a">Biblioteca Pio IX della Pontificia Universit ̉Lateranense. Citt ̉del Vaticano</subfield>
    <subfield code="1">EX0006</subfield>
    <subfield code="2">ZCV 03</subfield>
  </datafield>
  <datafield tag="899" ind1=" " ind2=" ">
    <subfield code="a">Biblioteca nazionale centrale. Firenze</subfield>
    <subfield code="1">FI0098</subfield>
    <subfield code="2">CFI CF</subfield>
  </datafield>
  <datafield tag="899" ind1=" " ind2=" ">
    <subfield code="a">Biblioteca comunale Pietro Siciliani. Galatina</subfield>
    <subfield code="1">LE0209</subfield>
    <subfield code="2">LEK SF</subfield>
  </datafield>
</record>
</collection>
